@ARTICLE{pymoo,
    author={J. {Blank} and K. {Deb}},
    journal={IEEE Access},
    title={pymoo: Multi-Objective Optimization in Python},
    year={2020},
    volume={8},
    number={},
    pages={89497-89509},
}